34100000      080212345678901234                    01234 000123456789 0EMPRESA TESTE LTDA            BANCO ITAU SA                           11004202504304400000000000000                                                                     
34100011C9830040 212345678901234                    01234 000123456789 0EMPRESA TESTE LTDA                                                                                  00000                                   00000000                    
3410001300001J00012345678901234567890123456789012345678901234BENEFICIARIO TESTE LTDA       2004202515042025000000000120050000000000000000000000000000000010123456789           00000000000000000000                                             
3410001300002J000522012345678901234EMPRESA PAGADORA LTDA                   2098765432101234BENEFICIARIO TESTE LTDA                 0000000000000000                                                                                             
34100015         000004000000000000120050000000000000000000000000000000000000000000000000000000000000000000000000000000000000000000000000000000000000000000000000000000000000000000000000000000000000000000000000000000000000000000000          
34199999         000001000006000000                                                                                                                                                                                                             