34100000      080212345678901234                    01234 000123456789 0EMPRESA TESTE LTDA            BANCO ITAU SA                           11004202504304300000000000000                                                                     
34100011C2001040 212345678901234                    01234 000123456789 0EMPRESA TESTE LTDA                                                                                  00000                                   00000000                    
3410001300001A00000034104321 000987654321 1FORNECEDOR TESTE LTDA         123456789           15042025BRL000000000000000000000000150075987654321           00000000000000000000000                                                    0          
3410001300002B   298765432101234OBJECT OBJECT                 00000                                                  00000000  00000000000000000000000000000000000000000000000000000000000000000000000000000000000                              
34100015         000004000000000000150075000000000000000000000000000000000000000000000000000000000000000000000000000000000000000000000000000000000000000000000000000000000000000000000000000000000000000000000000000000000000000000000          
34199999         000001000006000000                                                                                                                                                                                                             