34100000      080212345678901234                    01234 000123456789 0EMPRESA TESTE LTDA            BANCO ITAU SA                           11404202516151900000000000000                                                                     
34100011C2001040 212345678901234                    01234 000123456789 0EMPRESA TESTE LTDA                                                                                  00000                                   00000000                    
3410001300001A0000000034104321 09876543211FORNECEDOR TESTE LTDA         123456789           15042025BRL000000000000000000000000150075987654321                   000000000000000                                                     0          
3410001300002B   298765432101234RUA FORNECEDOR                00456SALA 2         CENTRO         RIO DE JANEIRO      98765432RJ00000000000000000000000000000000000000000000000000000000000000000000000000000000000               0000000        
34100015         000004000000000000150075000000000000000000000000000000000000000000000000000000000000000000000000000000000000000000000000000000000000000000000000000000000000000000000000000000000000000000000000000000000000000000000          
34199999         000001000006000000                                                                                                                                                                                                             