34100000      080212345678901234                    01234 000123456789 0EMPRESA TESTE LTDA            BANCO ITAU SA                           11004202504304100000000000000                                                                     
34100011C2001040 212345678901234                    01234 000123456789 0EMPRESA TESTE LTDA                                                                                  00000                                   00000000                    
3410001300001A00000034104321 000987654321 1FORNECEDOR TESTE LTDA         123456789           15042025BRL000000000000000000000000150075987654321           00000000000000000000000                                        0100001     0          
34100015         000003000000000000150075000000000000000000000000000000000000000000000000000000000000000000000000000000000000000000000000000000000000000000000000000000000000000000000000000000000000000000000000000000000000000000000          
34199999         000001000005000000                                                                                                                                                                                                             