34100000      080212345678901234                    01234 000123456789 0EMPRESA TESTE LTDA            BANCO ITAU SA                           11004202504184600000000000000                                                                     
34100011C2213040 212345678901234                    01234 000123456789 0EMPRESA TESTE LTDA                                                                                  00000                                   00000000                    
3410001300001O00012345678901234567890123456789012345678901234CONTRIBUINTE TESTE LTDA       2004202515042025000000000150075123456789           00000000000000000000                                                                              
34100015         000003000000000000150075000000000000000000000000000000000000000000000000000000000000000000000000000000000000000000000000000000000000000000000000000000000000000000000000000000000000000000000000000000000000000000000          
34199999         000001000005000000                                                                                                                                                                                                             