34100000      080212345678901234                    01234 000123456789 0EMPRESA TESTE LTDA            BANCO ITAU SA                           11004202504184600000000000000                                                                     
34100011C2001040 212345678901234                    01234 000123456789 0EMPRESA TESTE LTDA                                                                                  00000                                   00000000                    
3410001300001A00000034104321 000987654321 1FORNECEDOR TESTE LTDA         123456789           15042025BRL000000000000000000000000150075                    00000000000000000000000                                                    0          
34100015         000003000000000000150075000000000000000000000000000000000000000000000000000000000000000000000000000000000000000000000000000000000000000000000000000000000000000000000000000000000000000000000000000000000000000000000          
34100021C3001040 212345678901234                    01234 000123456789 0EMPRESA TESTE LTDA            PAGAMENTO DE SALARIOS                                                 00000                                   00000000                    
3410002300001A00000034101234 000000123456 7FUNCIONARIO TESTE             123456789           05042025BRL000000000000000000000000350000                    00000000000000000000000                                        0300003     0          
34100025         000003000000000000350000000000000000000000000000000000000000000000000000000000000000000000000000000000000000000000000000000000000000000000000000000000000000000000000000000000000000000000000000000000000000000000000          
34199999         000002000008000000                                                                                                                                                                                                             