34100000      080212345678901234                    01234 000123456789 0EMPRESA TESTE LTDA            BANCO ITAU SA                           11004202504184600000000000000                                                                     
34100011C9845040 212345678901234                    01234 000123456789 0EMPRESA TESTE LTDA                                                                                  00000                                   00000000                    
3410001300001A00000034101234 000000123456 7FAVORECIDO PIX TESTE          123456789           05042025BRL000000000000000000000000100000                    00000000000000000000000                                                    0          
3410001300002B   298765432101234                              00000                                                  00000000  00000000000000000000000000000000000000000000000000000000000000000000000000000000000398765432101234               
34100015         000004000000000000100000000000000000000000000000000000000000000000000000000000000000000000000000000000000000000000000000000000000000000000000000000000000000000000000000000000000000000000000000000000000000000000000          
34199999         000001000006000000                                                                                                                                                                                                             