34100000      080212345678901234                    01234 000123456789 0EMPRESA TESTE LTDA            BANCO ITAU SA                           11004202504184600000000000000                                                                     
34100011C3001040 212345678901234                    01234 000123456789 0EMPRESA TESTE LTDA            PAGAMENTO DE SALARIOS                                                 00000                                   00000000                    
3410001300001A00000034101234 000000123456 7FUNCIONARIO TESTE             123456789           05042025BRL000000000000000000000000350000                    00000000000000000000000                                        0300003     0          
3410001300002C   000000000035000000000000000000000000000028000000000000028000000000000000000000000000000000000000000287000                                                                                                                      
3410001300003D   10PAGAMENTO REFERENTE AO SALARIO DO MES DE ABRIL DE 2025                                                                                                                                                                       
34100015         000005000000000000350000000000000000000000000000000000000000000000000000000000000000000000000000000000000000000000000000000000000000000000000000000000000000000000000000000000000000000000000000000000000000000000000          
34199999         000001000007000000                                                                                                                                                                                                             